@article{DBLP:journals/datamine/WebbLGP18,
  author    = {Geoffrey I. Webb and
               Loong Kuan Lee and
               Bart Goethals and
               Fran{\c{c}}ois Petitjean},
  title     = {Analyzing concept drift and shift from sample data},
  journal   = {Data Min. Knowl. Discov.},
  volume    = {32},
  number    = {5},
  pages     = {1179--1199},
  year      = {2018},
  hideurl       = {https://doi.org/10.1007/s10618-018-0554-1},
  hidedoi       = {10.1007/s10618-018-0554-1},
  timestamp = {Wed, 22 Aug 2018 15:02:06 +0200},
  hidebiburl    = {https://dblp.org/rec/bib/journals/datamine/WebbLGP18},
  bibsource = {dblp computer science bibliography, https://dblp.org}
}


@article{DBLP:journals/inffus/FaithfullDK19,
  author    = {William J. Faithfull and
               Juan Jos{\'{e}} Rodr{\'{\i}}guez Diez and
               Ludmila I. Kuncheva},
  title     = {Combining univariate approaches for ensemble change detection in multivariate
               data},
  journal   = {Information Fusion},
  volume    = {45},
  pages     = {202--214},
  year      = {2019},
  hideurl       = {https://doi.org/10.1016/j.inffus.2018.02.003},
  hidedoi       = {10.1016/j.inffus.2018.02.003},
  timestamp = {Fri, 30 Nov 2018 13:28:51 +0100},
  hidebiburl    = {https://dblp.org/rec/bib/journals/inffus/FaithfullDK19},
  bibsource = {dblp computer science bibliography, https://dblp.org}
}

@article{DBLP:journals/prl/RossATH12,
  author    = {Gordon J. Ross and
               Niall M. Adams and
               Dimitris K. Tasoulis and
               David J. Hand},
  title     = {Exponentially weighted moving average charts for detecting concept
               drift},
  journal   = {Pattern Recognition Letters},
  volume    = {33},
  number    = {2},
  pages     = {191--198},
  year      = {2012},
  hideurl       = {https://doi.org/10.1016/j.patrec.2011.08.019},
  hidedoi       = {10.1016/j.patrec.2011.08.019},
  timestamp = {Sun, 28 May 2017 13:19:10 +0200},
  hidebiburl    = {https://dblp.org/rec/bib/journals/prl/RossATH12},
  bibsource = {dblp computer science bibliography, https://dblp.org}
}

@inproceedings{DBLP:conf/icml/Ho05,
  author    = {Shen{-}Shyang Ho},
  title     = {A martingale framework for concept change detection in time-varying
               data streams},
  booktitle = {ICML},
  pages     = {321--327},
  year      = {2005},
  hideurl       = {https://doi.org/10.1145/1102351.1102392},
  hidedoi       = {10.1145/1102351.1102392},
  timestamp = {Tue, 06 Nov 2018 16:58:29 +0100},
  hidebiburl    = {https://dblp.org/rec/bib/conf/icml/Ho05},
  bibsource = {dblp computer science bibliography, https://dblp.org}
}

@misc{housePriceSource, 
	title={House Prices: Advanced Regression Techniques: Advanced Regression Techniques. \url{https://www.kaggle.com/c/house-prices-advanced-regression-techniques/data}}, 
	journal={House Prices: Advanced Regression Techniques}, 
	year={2020}, 
	month={Feb}
}

@misc{evlVideo, 
	note={\url{https://sites.google.com/site/nonstationaryarchive/home}}, 
	key={Extreme Verification Latency Benchmark Video (Nonstationary Environments - Archive):},
	year={2020}
}


@misc{diSource, 
	key={CCSynth Source Code},
	note= {\url{https://github.com/microsoft/prose/tree/main/misc/CCSynth}}, 
	year={2021}
}


@misc{mobilePriceSource, 
	title={Mobile Prices: \url{https://www.kaggle.com/iabhishekofficial/mobile-price-classification}}, 
	journal={Mobile Prices}, 
	year={2020}, 
	month={Feb}
}

@misc{cardioSource, 
	title={Cardiovascular Disease: \url{https://www.kaggle.com/sulianova/cardiovascular-disease-dataset}},
	journal={Cardiovascular Disease}, 
	year={2020}, 
	month={Feb}
}

@misc{airlineSource, 
	key={Airlines Dataset}, 
	year={2009}, 
	note={\url{http://kt.ijs.si/elena_ikonomovska/data.html}}
}


@inproceedings{DBLP:conf/kdd/ReisFMB16,
  author    = {Denis Moreira dos Reis and
               Peter A. Flach and
               Stan Matwin and
               Gustavo E. A. P. A. Batista},
  title     = {Fast Unsupervised Online Drift Detection Using Incremental Kolmogorov-Smirnov
               Test},
  booktitle = {SIGKDD},
  pages     = {1545--1554},
  year      = {2016},
  hideurl       = {https://doi.org/10.1145/2939672.2939836},
  hidedoi       = {10.1145/2939672.2939836},
  timestamp = {Wed, 14 Nov 2018 10:52:07 +0100},
  hidebiburl    = {https://dblp.org/rec/bib/conf/kdd/ReisFMB16},
  bibsource = {dblp computer science bibliography, https://dblp.org}
}

@inproceedings{DBLP:conf/sdm/BifetG07,
  author    = {Albert Bifet and
               Ricard Gavald{\`{a}}},
  title     = {Learning from Time-Changing Data with Adaptive Windowing},
  booktitle = {SDM},
  pages     = {443--448},
  year      = {2007},
  hideurl       = {https://doi.org/10.1137/1.9781611972771.42},
  hidedoi       = {10.1137/1.9781611972771.42},
  timestamp = {Sun, 02 Jun 2019 21:21:08 +0200},
  hidebiburl    = {https://dblp.org/rec/bib/conf/sdm/BifetG07},
  bibsource = {dblp computer science bibliography, https://dblp.org}
}

@inproceedings{DBLP:conf/sac/IencoBPP14,
  author    = {Dino Ienco and
               Albert Bifet and
               Bernhard Pfahringer and
               Pascal Poncelet},
  title     = {Change detection in categorical evolving data streams},
  booktitle = {SAC},
  pages     = {792--797},
  year      = {2014},
  hideurl       = {https://doi.org/10.1145/2554850.2554864},
  hidedoi       = {10.1145/2554850.2554864},
  timestamp = {Tue, 06 Nov 2018 11:06:49 +0100},
  hidebiburl    = {https://dblp.org/rec/bib/conf/sac/IencoBPP14},
  bibsource = {dblp computer science bibliography, https://dblp.org}
}

@inproceedings{DBLP:conf/sbia/GamaMCR04,
  author    = {Jo{\~{a}}o Gama and
               Pedro Medas and
               Gladys Castillo and
               Pedro Pereira Rodrigues},
  title     = {Learning with Drift Detection},
  booktitle = {Advances in Artificial Intelligence - {SBIA}},
  pages     = {286--295},
  year      = {2004},
  hideurl       = {https://doi.org/10.1007/978-3-540-28645-5\_29},
  hidedoi       = {10.1007/978-3-540-28645-5\_29},
  timestamp = {Tue, 14 May 2019 10:00:51 +0200},
  hidebiburl    = {https://dblp.org/rec/bib/conf/sbia/GamaMCR04},
  bibsource = {dblp computer science bibliography, https://dblp.org}
}

@inproceedings{DBLP:conf/ijcnn/WangA15,
  author    = {Heng Wang and
               Zubin Abraham},
  title     = {Concept drift detection for streaming data},
  booktitle = {IJCNN},
  pages     = {1--9},
  year      = {2015},
  hideurl       = {https://doi.org/10.1109/IJCNN.2015.7280398},
  hidedoi       = {10.1109/IJCNN.2015.7280398},
  timestamp = {Fri, 26 May 2017 00:50:10 +0200},
  hidebiburl    = {https://dblp.org/rec/bib/conf/ijcnn/WangA15},
  bibsource = {dblp computer science bibliography, https://dblp.org}
}

@article{DBLP:journals/eswa/MelloVFB19,
  author    = {Rodrigo Fernandes de Mello and
               Yule Vaz and
               Carlos Henrique Grossi Ferreira and
               Albert Bifet},
  title     = {On learning guarantees to unsupervised concept drift detection on
               data streams},
  journal   = {Expert Syst. Appl.},
  volume    = {117},
  pages     = {90--102},
  year      = {2019},
  hideurl       = {https://doi.org/10.1016/j.eswa.2018.08.054},
  hidedoi       = {10.1016/j.eswa.2018.08.054},
  timestamp = {Tue, 30 Oct 2018 14:25:52 +0100},
  hidebiburl    = {https://dblp.org/rec/bib/journals/eswa/MelloVFB19},
  bibsource = {dblp computer science bibliography, https://dblp.org}
}

@inproceedings{gaber2006classification,
  title={Classification of changes in evolving data streams using online clustering result deviation},
  author={Gaber, Mohamed Medhat and Yu, Philip S},
  booktitle={Proc. Of International Workshop on Knowledge Discovery in Data Streams},
  year={2006}
}

@InProceedings{pmlr-v17-zliobaite11a,
  title = 	 {MOA Concept Drift Active Learning Strategies for Streaming Data},
  author = 	 {Indre Zliobaite and Albert Bifet and Geoff Holmes and Bernhard Pfahringer},
  booktitle = 	 {Proceedings of the Second Workshop on Applications of Pattern Analysis},
  pages = 	 {48--55},
  year = 	 {2011},
  volume = 	 {17},
  series = 	 {Proceedings of Machine Learning Research},
  hideaddress = 	 {CIEM, Castro Urdiales, Spain},
  month = 	 {19--21 Oct},
  hidepublisher = 	 {PMLR},
  pdf = 	 {http://proceedings.mlr.press/v17/zliobaite11a/zliobaite11a.pdf},
  hideurl = 	 {http://proceedings.mlr.press/v17/zliobaite11a.html},
}

@inproceedings{ouyang2011study,
  title={Study on the classification of data streams with concept drift},
  author={Ouyang, Zhenzheng and Gao, Yuhai and Zhao, Zipeng and Wang, Tao},
  booktitle={International Conference on Fuzzy Systems and Knowledge Discovery (FSKD)},
  volume={3},
  pages={1673--1677},
  year={2011},
  hideorganization={IEEE}
}


@article{tveten2019principal,
  title={Which principal components are most sensitive to distributional changes?},
  author={Tveten, Martin},
  journal={arXiv preprint arXiv:1905.06318},
  year={2019}
}

@article{tveten2019tailored,
  title={Online Detection of Sparse Changes in High-Dimensional Data Streams Using Tailored Projections},
  author={Tveten Martin and
		  Ingrid K. Glad},
  journal={arXiv preprint arXiv:1908.02029},
  year={2019}
}



@article{DBLP:journals/tnn/RutkowskiJPD15,
  author    = {Leszek Rutkowski and
               Maciej Jaworski and
               Lena Pietruczuk and
               Piotr Duda},
  title     = {A New Method for Data Stream Mining Based on the Misclassification
               Error},
  journal   = {{IEEE} Trans. Neural Netw. Learning Syst.},
  volume    = {26},
  number    = {5},
  pages     = {1048--1059},
  year      = {2015},
  hideurl       = {https://doi.org/10.1109/TNNLS.2014.2333557},
  hidedoi       = {10.1109/TNNLS.2014.2333557},
  timestamp = {Wed, 14 Nov 2018 10:32:33 +0100},
  hidebiburl    = {https://dblp.org/rec/bib/journals/tnn/RutkowskiJPD15},
  bibsource = {dblp computer science bibliography, https://dblp.org}
}



@article{DBLP:journals/eswa/SethiK17,
  author    = {Tegjyot Singh Sethi and
               Mehmed M. Kantardzic},
  title     = {On the reliable detection of concept drift from streaming unlabeled
               data},
  journal   = {Expert Syst. Appl.},
  volume    = {82},
  pages     = {77--99},
  year      = {2017},
  hideurl       = {https://doi.org/10.1016/j.eswa.2017.04.008},
  hidedoi       = {10.1016/j.eswa.2017.04.008},
  timestamp = {Thu, 11 Jul 2019 11:26:20 +0200},
  hidebiburl    = {https://dblp.org/rec/bib/journals/eswa/SethiK17},
  bibsource = {dblp computer science bibliography, https://dblp.org}
}

@inproceedings{DBLP:conf/pkdd/MoultonVJG18,
  author    = {Richard Hugh Moulton and
               Herna L. Viktor and
               Nathalie Japkowicz and
               Jo{\~{a}}o Gama},
  title     = {Clustering in the Presence of Concept Drift},
  booktitle = {{ECML} {PKDD}},
  pages     = {339--355},
  year      = {2018},
  hideurl       = {https://doi.org/10.1007/978-3-030-10925-7\_21},
  hidedoi       = {10.1007/978-3-030-10925-7\_21},
  timestamp = {Tue, 14 May 2019 10:00:47 +0200},
  hidebiburl    = {https://dblp.org/rec/bib/conf/pkdd/MoultonVJG18},
  bibsource = {dblp computer science bibliography, https://dblp.org}
}

@article{DBLP:journals/pr/RazaPL15,
  author    = {Haider Raza and
               Girijesh Prasad and
               Yuhua Li},
  title     = {{EWMA} model based shift-detection methods for detecting covariate
               shifts in non-stationary environments},
  journal   = {Pattern Recognition},
  volume    = {48},
  number    = {3},
  pages     = {659--669},
  year      = {2015},
  hideurl       = {https://doi.org/10.1016/j.patcog.2014.07.028},
  hidedoi       = {10.1016/j.patcog.2014.07.028},
  timestamp = {Thu, 08 Jun 2017 09:08:39 +0200},
  hidebiburl    = {https://dblp.org/rec/bib/journals/pr/RazaPL15},
  bibsource = {dblp computer science bibliography, https://dblp.org}
}

@inproceedings{DBLP:conf/ijcnn/CostaAS18,
  author    = {Albert Franca Josua Costa and
               Regis Antonio Saraiva Albuquerque and
               Eulanda Miranda dos Santos},
  title     = {A Drift Detection Method Based on Active Learning},
  booktitle = {IJCNN},
  pages     = {1--8},
  year      = {2018},
  hideurl       = {https://doi.org/10.1109/IJCNN.2018.8489364},
  hidedoi       = {10.1109/IJCNN.2018.8489364},
  timestamp = {Mon, 22 Oct 2018 13:07:32 +0200},
  hidebiburl    = {https://dblp.org/rec/bib/conf/ijcnn/CostaAS18},
  bibsource = {dblp computer science bibliography, https://dblp.org}
}

@article{DBLP:journals/jfi/YuAWSWP19,
  author    = {Shujian Yu and
               Zubin Abraham and
               Heng Wang and
               Mohak Shah and
               Yantao Wei and
               Jos{\'{e}} C. Pr{\'{\i}}ncipe},
  title     = {Concept drift detection and adaptation with hierarchical hypothesis
               testing},
  journal   = {J. Franklin Institute},
  volume    = {356},
  number    = {5},
  pages     = {3187--3215},
  year      = {2019},
  hideurl       = {https://doi.org/10.1016/j.jfranklin.2019.01.043},
  hidedoi       = {10.1016/j.jfranklin.2019.01.043},
  timestamp = {Fri, 31 May 2019 09:47:19 +0200},
  hidebiburl    = {https://dblp.org/rec/bib/journals/jfi/YuAWSWP19},
  bibsource = {dblp computer science bibliography, https://dblp.org}
}

@article{DBLP:journals/jss/BarddalGEP17,
  author    = {Jean Paul Barddal and
               Heitor Murilo Gomes and
               Fabr{\'{\i}}cio Enembreck and
               Bernhard Pfahringer},
  title     = {A survey on feature drift adaptation: Definition, benchmark, challenges
               and future directions},
  journal   = {Journal of Systems and Software},
  volume    = {127},
  pages     = {278--294},
  year      = {2017},
  hideurl       = {https://doi.org/10.1016/j.jss.2016.07.005},
  hidedoi       = {10.1016/j.jss.2016.07.005},
  timestamp = {Tue, 06 Jun 2017 22:24:00 +0200},
  hidebiburl    = {https://dblp.org/rec/bib/journals/jss/BarddalGEP17},
  bibsource = {dblp computer science bibliography, https://dblp.org}
}

@article{DBLP:journals/tnn/BuAZ18,
  author    = {Li Bu and
               Cesare Alippi and
               Dongbin Zhao},
  title     = {A pdf-Free Change Detection Test Based on Density Difference Estimation},
  journal   = {{IEEE} Trans. Neural Netw. Learning Syst.},
  volume    = {29},
  number    = {2},
  pages     = {324--334},
  year      = {2018},
  hideurl       = {https://doi.org/10.1109/TNNLS.2016.2619909},
  hidedoi       = {10.1109/TNNLS.2016.2619909},
  timestamp = {Wed, 14 Nov 2018 10:32:54 +0100},
  hidebiburl    = {https://dblp.org/rec/bib/journals/tnn/BuAZ18},
  bibsource = {dblp computer science bibliography, https://dblp.org}
}

@phdthesis{faithfull2018unsupervised,
  title={Unsupervised Change Detection in Multivariate Streaming Data},
  author={Faithfull, William},
  year={2018},
  school={Bangor University}
}

@article{ramakrishna2017concept,
  title={Concept Drift Detection in Data Stream Mining: The Review of Contemporary Literature},
  author={Ramakrishna, B and Rao, S Krishna Mohan},
  journal={Global Journal of Computer Science and Technology},
  year={2017}
}

@article{DBLP:journals/csur/GamaZBPB14,
  author    = {Jo{\~{a}}o Gama and
               Indre Zliobaite and
               Albert Bifet and
               Mykola Pechenizkiy and
               Abdelhamid Bouchachia},
  title     = {A survey on concept drift adaptation},
  journal   = {{ACM} Comput. Surv.},
  volume    = {46},
  number    = {4},
  pages     = {44:1--44:37},
  year      = {2014},
  hideurl       = {https://doi.org/10.1145/2523813},
  hidedoi       = {10.1145/2523813},
  timestamp = {Wed, 14 Nov 2018 10:31:47 +0100},
  hidebiburl    = {https://dblp.org/rec/bib/journals/csur/GamaZBPB14},
  bibsource = {dblp computer science bibliography, https://dblp.org}
}

@article{DBLP:journals/ai/LuZL14,
  author    = {Ning Lu and
               Guangquan Zhang and
               Jie Lu},
  title     = {Concept drift detection via competence models},
  journal   = {Artif. Intell.},
  volume    = {209},
  pages     = {11--28},
  year      = {2014},
  hideurl       = {https://doi.org/10.1016/j.artint.2014.01.001},
  hidedoi       = {10.1016/j.artint.2014.01.001},
  timestamp = {Fri, 19 Jan 2018 12:52:29 +0100},
  hidebiburl    = {https://dblp.org/rec/bib/journals/ai/LuZL14},
  bibsource = {dblp computer science bibliography, https://dblp.org}
}

@article{DBLP:journals/corr/WangA15,
  author    = {Heng Wang and
               Zubin Abraham},
  title     = {Concept Drift Detection for Imbalanced Stream Data},
  journal   = {CoRR},
  volume    = {abs/1504.01044},
  year      = {2015},
  hideurl       = {http://arxiv.org/abs/1504.01044},
  archivePrefix = {arXiv},
  eprint    = {1504.01044},
  timestamp = {Mon, 13 Aug 2018 16:49:05 +0200},
  hidebiburl    = {https://dblp.org/rec/bib/journals/corr/WangA15},
  bibsource = {dblp computer science bibliography, https://dblp.org}
}

@inproceedings{DBLP:conf/sac/SpinosaCG08,
  author    = {Eduardo Jaques Spinosa and
               Andr{\'{e}} Carlos Ponce de Leon Ferreira de Carvalho and
               Jo{\~{a}}o Gama},
  title     = {Cluster-based novel concept detection in data streams applied to intrusion
               detection in computer networks},
  booktitle = {Proceedings of the 2008 {ACM} Symposium on Applied Computing (SAC)},
  pages     = {976--980},
  year      = {2008},
  hideurl       = {https://doi.org/10.1145/1363686.1363912},
  hidedoi       = {10.1145/1363686.1363912},
  timestamp = {Fri, 29 Mar 2019 18:01:37 +0100},
  hidebiburl    = {https://dblp.org/rec/bib/conf/sac/SpinosaCG08},
  bibsource = {dblp computer science bibliography, https://dblp.org}
}


@inproceedings{kriegel2012outlier,
  author    = {Hans{-}Peter Kriegel and
               Peer Kr{\"{o}}ger and
               Erich Schubert and
               Arthur Zimek},
  title     = {Outlier Detection in Arbitrarily Oriented Subspaces},
  booktitle = {{ICDM}},
  pages     = {379--388},
  year      = {2012},
}


@article{DBLP:journals/cee/LiuFWHH17,
  author    = {Shenglan Liu and
               Lin Feng and
               Jun Wu and
               Gang Hou and
               Guangjie Han},
  title     = {Concept drift detection for data stream learning based on angle optimized
               global embedding and principal component analysis in sensor networks},
  journal   = {Computers {\&} Electrical Engineering},
  volume    = {58},
  pages     = {327--336},
  year      = {2017},
  hideurl       = {https://doi.org/10.1016/j.compeleceng.2016.09.006},
  hidedoi       = {10.1016/j.compeleceng.2016.09.006},
  timestamp = {Fri, 27 Apr 2018 10:37:36 +0200},
  hidebiburl    = {https://dblp.org/rec/bib/journals/cee/LiuFWHH17},
  bibsource = {dblp computer science bibliography, https://dblp.org}
}

% Nice literature survey, contains real dataset (real drift, not simulated drift)
@inproceedings{DBLP:conf/icdm/ZonooziHKC16,
  author    = {Ali Zonoozi and
               Qirong Ho and
               Shonali Krishnaswamy and
               Gao Cong},
  title     = {ConTrack: {A} Scalable Method for Tracking Multiple Concepts in Large
               Scale Multidimensional Data},
  booktitle = {ICDM},
  pages     = {759--768},
  year      = {2016},
  hideurl       = {https://doi.org/10.1109/ICDM.2016.0087},
  hidedoi       = {10.1109/ICDM.2016.0087},
  timestamp = {Mon, 11 Feb 2019 17:32:48 +0100},
  hidebiburl    = {https://dblp.org/rec/bib/conf/icdm/ZonooziHKC16},
  bibsource = {dblp computer science bibliography, https://dblp.org}
}


%%%%%%%%%%%%%%%%%%%%%%%%%%%%%% Baselines %%%%%%%%%%%%%%%%%%%%%%%%%%%%%%%%%%
% Baseline-1
@inproceedings{DBLP:conf/kdd/QahtanAWZ15,
  author    = {Abdulhakim Ali Qahtan and
               Basma Alharbi and
               Suojin Wang and
               Xiangliang Zhang},
  title     = {A PCA-Based Change Detection Framework for Multidimensional Data Streams:
               Change Detection in Multidimensional Data Streams},
  booktitle = {SIGKDD},
  pages     = {935--944},
  year      = {2015},
  hideurl       = {https://doi.org/10.1145/2783258.2783359},
  hidedoi       = {10.1145/2783258.2783359},
  timestamp = {Tue, 06 Nov 2018 16:59:37 +0100},
  hidebiburl    = {https://dblp.org/rec/bib/conf/kdd/QahtanAWZ15},
  bibsource = {dblp computer science bibliography, https://dblp.org}
}

% Baseline-2
@inproceedings{dasu2006information,
  title={An information-theoretic approach to detecting changes in multi-dimensional data streams},
  author={Dasu, Tamraparni and Krishnan, Shankar and Venkatasubramanian, Suresh and Yi, Ke},
  booktitle={Symp. on the Interface of Statistics, Computing Science, and Applications},
  year={2006},
}

% Baseline-3
@inproceedings{DBLP:conf/kdd/SongWJR07,
  author    = {Xiuyao Song and
               Mingxi Wu and
               Christopher M. Jermaine and
               Sanjay Ranka},
  title     = {Statistical change detection for multi-dimensional data},
  booktitle = {SIGKDD},
  pages     = {667--676},
  year      = {2007},
  hideurl       = {https://doi.org/10.1145/1281192.1281264},
  hidedoi       = {10.1145/1281192.1281264},
  timestamp = {Mon, 07 Jan 2019 17:17:42 +0100},
  hidebiburl    = {https://dblp.org/rec/bib/conf/kdd/SongWJR07},
  bibsource = {dblp computer science bibliography, https://dblp.org}
}

% Baseline-4
@article{DBLP:journals/tnn/KunchevaF14,
  author    = {Ludmila I. Kuncheva and
               William J. Faithfull},
  title     = {{PCA} Feature Extraction for Change Detection in Multidimensional
               Unlabeled Data},
  journal   = {{IEEE} Trans. Neural Netw. Learning Syst.},
  volume    = {25},
  number    = {1},
  pages     = {69--80},
  year      = {2014},
  hideurl       = {https://doi.org/10.1109/TNNLS.2013.2248094},
  hidedoi       = {10.1109/TNNLS.2013.2248094},
  timestamp = {Wed, 14 Nov 2018 10:32:55 +0100},
  hidebiburl    = {https://dblp.org/rec/bib/journals/tnn/KunchevaF14},
  bibsource = {dblp computer science bibliography, https://dblp.org}
}


% Baseline-5
@inproceedings{DBLP:conf/sdm/NguyenV16a,
  author    = {Hoang Vu Nguyen and
               Jilles Vreeken},
  title     = {Linear-time Detection of Non-linear Changes in Massively High Dimensional
               Time Series},
  booktitle = {SDM},
  pages     = {828--836},
  year      = {2016},
  hideurl       = {https://doi.org/10.1137/1.9781611974348.93},
  hidedoi       = {10.1137/1.9781611974348.93},
  timestamp = {Wed, 17 May 2017 14:24:53 +0200},
  hidebiburl    = {https://dblp.org/rec/bib/conf/sdm/NguyenV16a},
  bibsource = {dblp computer science bibliography, https://dblp.org}
}


@inproceedings{hooi2019branch,
  author    = {Bryan Hooi and
               Christos Faloutsos},
  title     = {Branch and Border: Partition-Based Change Detection in Multivariate
               Time Series},
  booktitle = {Proceedings of the 2019 {SIAM} International Conference on Data Mining,
               {SDM}},
  pages     = {504--512},
  year      = {2019},
  hideurl       = {https://doi.org/10.1137/1.9781611975673.57},
  hidedoi       = {10.1137/1.9781611975673.57},
}


@inproceedings{DBLP:conf/sdm/KawaharaS09,
  author    = {Yoshinobu Kawahara and
               Masashi Sugiyama},
  title     = {Change-Point Detection in Time-Series Data by Direct Density-Ratio
               Estimation},
  booktitle = {SDM},
  pages     = {389--400},
  year      = {2009},
  hideurl       = {https://doi.org/10.1137/1.9781611972795.34},
  hidedoi       = {10.1137/1.9781611972795.34},
  timestamp = {Wed, 17 May 2017 14:24:53 +0200},
  hidebiburl    = {https://dblp.org/rec/bib/conf/sdm/KawaharaS09},
  bibsource = {dblp computer science bibliography, https://dblp.org}
}

@inproceedings{souzaSDM:2015,
  title={Data Stream Classification Guided by Clustering on Nonstationary Environments and Extreme Verification Latency},
  author={Souza, V. M. A. and Silva, D. F. and Gama, J. and Batista, G. E. A. P. A.},
  booktitle={SDM},
  pages={873--881},
  year={2015}
}

@inproceedings{sztyler2016onbody,
     title={On-body Localization of Wearable Devices: An Investigation of Position-Aware Activity Recognition},
     author={Sztyler, Timo and Stuckenschmidt, Heiner},
     booktitle={PerCom},
     pages={1--9},
     year={2016},
     eventdate={2016-03-14/2016-03-18},
     venue={Sydney, Australia},
     hidedoi={10.1109/PERCOM.2016.7456521},
     hidenote={http://ieeexplore.ieee.org/xpl/articleDetails.jsp?arnumber=7456521}
}

@article{DBLP:journals/jmlr/BifetHKP10,
  author    = {Albert Bifet and
               Geoff Holmes and
               Richard Kirkby and
               Bernhard Pfahringer},
  title     = {{MOA:} Massive Online Analysis},
  journal   = {J. Mach. Learn. Res.},
  volume    = {11},
  pages     = {1601--1604},
  year      = {2010},
  hideurl       = {http://portal.acm.org/citation.cfm?id=1859903},
  timestamp = {Wed, 10 Jul 2019 15:28:40 +0200},
  hidebiburl    = {https://dblp.org/rec/bib/journals/jmlr/BifetHKP10},
  bibsource = {dblp computer science bibliography, https://dblp.org}
}


@inproceedings{DBLP:conf/kdd/Ribeiro0G16,
  author    = {Marco T{\'{u}}lio Ribeiro and
               Sameer Singh and
               Carlos Guestrin},
  title     = {``Why Should {I} Trust You?'': Explaining the Predictions of Any Classifier},
  booktitle = {SIGKDD},
  pages     = {1135--1144},
  year      = {2016},
  hideurl       = {https://doi.org/10.1145/2939672.2939778},
  hidedoi       = {10.1145/2939672.2939778},
  timestamp = {Tue, 06 Nov 2018 16:59:37 +0100},
  hidebiburl    = {https://dblp.org/rec/bib/conf/kdd/Ribeiro0G16},
  bibsource = {dblp computer science bibliography, https://dblp.org}
}

@inproceedings{DBLP:conf/hicons/TiwariDJCLRSS14,
  author    = {Ashish Tiwari and
               Bruno Dutertre and
               Dejan Jovanovic and
               Thomas de Candia and
               Patrick Lincoln and
               John M. Rushby and
               Dorsa Sadigh and
               Sanjit A. Seshia},
  title     = {Safety envelope for security},
  booktitle = {HiCoNS},
  pages     = {85--94},
  year      = {2014},
  hideurl       = {https://doi.org/10.1145/2566468.2566483},
  hidedoi       = {10.1145/2566468.2566483},
  timestamp = {Tue, 06 Nov 2018 11:07:27 +0100},
  hidebiburl    = {https://dblp.org/rec/bib/conf/hicons/TiwariDJCLRSS14},
  bibsource = {dblp computer science bibliography, https://dblp.org}
}

@inproceedings{DBLP:conf/cbms/TsymbalPCP06,
  author    = {Alexey Tsymbal and
               Mykola Pechenizkiy and
               Padraig Cunningham and
               Seppo Puuronen},
  title     = {Handling Local Concept Drift with Dynamic Integration of Classifiers:
               Domain of Antibiotic Resistance in Nosocomial Infections},
  booktitle = {{IEEE} International Symposium on Computer-Based Medical Systems
               {(CBMS})},
  pages     = {679--684},
  year      = {2006},
  hideurl       = {https://doi.org/10.1109/CBMS.2006.94},
  hidedoi       = {10.1109/CBMS.2006.94},
  timestamp = {Sat, 19 Oct 2019 20:01:57 +0200},
  hidebiburl    = {https://dblp.org/rec/bib/conf/cbms/TsymbalPCP06},
  bibsource = {dblp computer science bibliography, https://dblp.org}
}

@inproceedings{DBLP:conf/iri/SethiKA16,
  author    = {Tegjyot Singh Sethi and
               Mehmed M. Kantardzic and
               Elaheh Arabmakki},
  title     = {Monitoring Classification Blindspots to Detect Drifts from Unlabeled
               Data},
  booktitle = {{IEEE} International Conference on Information Reuse and Integration,
               {IRI}},
  pages     = {142--151},
  year      = {2016},
  hideurl       = {https://doi.org/10.1109/IRI.2016.26},
  hidedoi       = {10.1109/IRI.2016.26},
  timestamp = {Wed, 16 Oct 2019 14:14:50 +0200},
  hidebiburl    = {https://dblp.org/rec/bib/conf/iri/SethiKA16},
  bibsource = {dblp computer science bibliography, https://dblp.org}
}

@inproceedings{DBLP:conf/kdd/PrattT03,
  author    = {Kevin B. Pratt and
               Gleb Tschapek},
  title     = {Visualizing concept drift},
  booktitle = {SIGKDD},
  pages     = {735--740},
  year      = {2003},
  hideurl       = {https://doi.org/10.1145/956750.956849},
  hidedoi       = {10.1145/956750.956849},
  timestamp = {Tue, 06 Nov 2018 16:59:37 +0100},
  hidebiburl    = {https://dblp.org/rec/bib/conf/kdd/PrattT03},
  bibsource = {dblp computer science bibliography, https://dblp.org}
}

@article{DBLP:journals/corr/abs-1908-04240,
  author    = {F{\'{a}}bio Pinto and
               Marco O. P. Sampaio and
               Pedro Bizarro},
  title     = {Automatic Model Monitoring for Data Streams},
  journal   = {CoRR},
  volume    = {abs/1908.04240},
  year      = {2019},
  hideurl       = {http://arxiv.org/abs/1908.04240},
  archivePrefix = {arXiv},
  eprint    = {1908.04240},
  timestamp = {Mon, 19 Aug 2019 13:21:03 +0200},
  hidebiburl    = {https://dblp.org/rec/bib/journals/corr/abs-1908-04240},
  bibsource = {dblp computer science bibliography, https://dblp.org}
}

@article{DBLP:journals/arobots/JiangED17,
  author    = {Hengle Jiang and
               Sebastian G. Elbaum and
               Carrick Detweiler},
  title     = {Inferring and monitoring invariants in robotic systems},
  journal   = {Auton. Robots},
  volume    = {41},
  number    = {4},
  pages     = {1027--1046},
  year      = {2017},
  hideurl       = {https://doi.org/10.1007/s10514-016-9576-y},
  hidedoi       = {10.1007/s10514-016-9576-y},
  timestamp = {Thu, 18 May 2017 09:50:50 +0200},
  hidebiburl    = {https://dblp.org/rec/bib/journals/arobots/JiangED17},
  bibsource = {dblp computer science bibliography, https://dblp.org}
}

@inproceedings{DBLP:conf/kdd/SuttonHGC18,
  author    = {Charles A. Sutton and
               Timothy Hobson and
               James Geddes and
               Rich Caruana},
  title     = {Data Diff: Interpretable, Executable Summaries of Changes in Distributions
               for Data Wrangling},
  booktitle = {SIGKDD},
  pages     = {2279--2288},
  year      = {2018},
  hideurl       = {https://doi.org/10.1145/3219819.3220057},
  hidedoi       = {10.1145/3219819.3220057},
  timestamp = {Wed, 21 Nov 2018 12:44:27 +0100},
  hidebiburl    = {https://dblp.org/rec/bib/conf/kdd/SuttonHGC18},
  bibsource = {dblp computer science bibliography, https://dblp.org}
}

@inproceedings{DBLP:conf/aies/LakkarajuKCL19,
  author    = {Himabindu Lakkaraju and
               Ece Kamar and
               Rich Caruana and
               Jure Leskovec},
  title     = {Faithful and Customizable Explanations of Black Box Models},
  booktitle = {{AAAI/ACM} Conference on AI, Ethics, and Society,
               {AIES}},
  pages     = {131--138},
  year      = {2019},
  hideurl       = {https://doi.org/10.1145/3306618.3314229},
  hidedoi       = {10.1145/3306618.3314229},
  timestamp = {Thu, 11 Jul 2019 09:29:23 +0200},
  hidebiburl    = {https://dblp.org/rec/bib/conf/aies/LakkarajuKCL19},
  bibsource = {dblp computer science bibliography, https://dblp.org}
}

@inproceedings{DBLP:conf/cav/Jha19,
  author    = {Susmit Jha},
  title     = {Trust, Resilience and Interpretability of {AI} Models},
  booktitle = {Numerical Software Verification - 12th International Workshop, NSV@CAV},
  pages     = {3--25},
  year      = {2019},
  hideurl       = {https://doi.org/10.1007/978-3-030-28423-7\_1},
  hidedoi       = {10.1007/978-3-030-28423-7\_1},
  timestamp = {Mon, 05 Aug 2019 12:51:56 +0200},
  hidebiburl    = {https://dblp.org/rec/bib/conf/cav/Jha19},
  bibsource = {dblp computer science bibliography, https://dblp.org}
}

@inproceedings{DBLP:conf/aistats/SubbaswamySS19,
  author    = {Adarsh Subbaswamy and
               Peter Schulam and
               Suchi Saria},
  title     = {Preventing Failures Due to Dataset Shift: Learning Predictive Models
               That Transport},
  booktitle = {International Conference on Artificial Intelligence and Statistics,
               {AISTATS}},
  pages     = {3118--3127},
  year      = {2019},
  hideurl       = {http://proceedings.mlr.press/v89/subbaswamy19a.html},
  timestamp = {Fri, 07 Jun 2019 09:03:47 +0200},
  hidebiburl    = {https://dblp.org/rec/bib/conf/aistats/SubbaswamySS19},
  bibsource = {dblp computer science bibliography, https://dblp.org}
}

@article{DBLP:journals/corr/abs-1904-07204,
  author    = {Suchi Saria and
               Adarsh Subbaswamy},
  title     = {Tutorial: Safe and Reliable Machine Learning},
  journal   = {CoRR},
  volume    = {abs/1904.07204},
  year      = {2019},
  hideurl       = {http://arxiv.org/abs/1904.07204},
  archivePrefix = {arXiv},
  eprint    = {1904.07204},
  timestamp = {Thu, 25 Apr 2019 13:55:01 +0200},
  hidebiburl    = {https://dblp.org/rec/bib/journals/corr/abs-1904-07204},
  bibsource = {dblp computer science bibliography, https://dblp.org}
}

@inproceedings{turchini2017convex,
  title={Convex polytope ensembles for spatio-temporal anomaly detection},
  author={Turchini, Francesco and Seidenari, Lorenzo and Del Bimbo, Alberto},
  booktitle={International Conference on Image Analysis and Processing},
  pages={174--184},
  year={2017},
  hideorganization={Springer}
}

@article{alzate2008kernel,
  title={Kernel component analysis using an epsilon-insensitive robust loss function},
  author={Alzate, Carlos and Suykens, Johan AK},
  journal={IEEE Transactions on Neural Networks},
  volume={19},
  number={9},
  pages={1583--1598},
  year={2008},
  hidepublisher={IEEE}
}

@article{suykens2003support,
  title={A support vector machine formulation to PCA analysis and its kernel version},
  author={Suykens, Johan AK and Van Gestel, Tony and Vandewalle, Joos and De Moor, Bart},
  journal={IEEE Transactions on neural networks},
  volume={14},
  number={2},
  pages={447--450},
  year={2003},
  hidepublisher={IEEE}
}

@inproceedings{vapnik1997support,
  title={Support vector method for function approximation, regression estimation and signal processing},
  author={Vapnik, Vladimir and Golowich, Steven E and Smola, Alex J},
  booktitle={NeurIPS},
  pages={281--287},
  year={1997}
}

@article{keerthi2003asymptotic,
  title={Asymptotic behaviors of support vector machines with Gaussian kernel},
  author={Keerthi, S Sathiya and Lin, Chih-Jen},
  journal={Neural computation},
  volume={15},
  number={7},
  pages={1667--1689},
  year={2003},
  hidepublisher={MIT Press}
}

@article{tsymbal2004problem,
  title={The problem of concept drift: definitions and related work},
  author={Tsymbal, Alexey},
  journal={Computer Science Department, Trinity College Dublin},
  volume={106},
  number={2},
  pages={58},
  year={2004},
  hidepublisher={Citeseer}
}

@book{scholkopf2002learning,
  title={Learning with kernels: support vector machines, regularization, optimization, and beyond},
  author={Sch{\"o}lkopf, Bernhard and Smola, Alexander J and Bach, Francis and others},
  year={2002},
  hidepublisher={MIT press}
}

@inproceedings{DBLP:conf/nips/JiangKGG18,
  author    = {Heinrich Jiang and
               Been Kim and
               Melody Y. Guan and
               Maya R. Gupta},
  title     = {To Trust Or Not To Trust {A} Classifier},
  booktitle = {NeurIPS},
  pages     = {5546--5557},
  year      = {2018},
  hideurl       = {http://papers.nips.cc/paper/7798-to-trust-or-not-to-trust-a-classifier},
  timestamp = {Sun, 16 Dec 2018 17:30:05 +0100},
  hidebiburl    = {https://dblp.org/rec/bib/conf/nips/JiangKGG18},
  bibsource = {dblp computer science bibliography, https://dblp.org}
}

	@article{DBLP:journals/crossroads/Varshney19,
  author    = {Kush R. Varshney},
  title     = {Trustworthy machine learning and artificial intelligence},
  journal   = {{ACM} Crossroads},
  volume    = {25},
  number    = {3},
  pages     = {26--29},
  year      = {2019},
  hideurl       = {https://doi.org/10.1145/3313109},
  hidedoi       = {10.1145/3313109},
  timestamp = {Thu, 09 May 2019 16:06:21 +0200},
  hidebiburl    = {https://dblp.org/rec/bib/journals/crossroads/Varshney19},
  bibsource = {dblp computer science bibliography, https://dblp.org}
}

@article{DBLP:journals/bigdata/VarshneyA17,
  author    = {Kush R. Varshney and
               Homa Alemzadeh},
  title     = {On the Safety of Machine Learning: Cyber-Physical Systems, Decision
               Sciences, and Data Products},
  journal   = {Big Data},
  volume    = {5},
  number    = {3},
  pages     = {246--255},
  year      = {2017},
  hideurl       = {https://doi.org/10.1089/big.2016.0051},
  hidedoi       = {10.1089/big.2016.0051},
  timestamp = {Sat, 12 Oct 2019 14:54:51 +0200},
  hidebiburl    = {https://dblp.org/rec/bib/journals/bigdata/VarshneyA17},
  bibsource = {dblp computer science bibliography, https://dblp.org}
}

@techreport{rumelhart1985learning,
  title={Learning internal representations by error propagation},
  author={Rumelhart, David E and Hinton, Geoffrey E and Williams, Ronald J},
  year={1985},
  institution={California Univ San Diego La Jolla Inst for Cognitive Science}
}

@article{hinton2006reducing,
  title={Reducing the dimensionality of data with neural networks},
  author={Hinton, Geoffrey E and Salakhutdinov, Ruslan R},
  journal={science},
  volume={313},
  number={5786},
  pages={504--507},
  year={2006},
  hidepublisher={American Association for the Advancement of Science}
}

@inproceedings{DBLP:journals/corr/HendrycksG16c,
  author    = {Dan Hendrycks and
               Kevin Gimpel},
  title     = {A Baseline for Detecting Misclassified and Out-of-Distribution Examples
               in Neural Networks},
  booktitle = {ICLR},
  year      = {2017},
  hideurl       = {https://openreview.net/forum?id=Hkg4TI9xl},
  timestamp = {Thu, 25 Jul 2019 14:25:55 +0200},
  biburl    = {https://dblp.org/rec/conf/iclr/HendrycksG17.bib},
  bibsource = {dblp computer science bibliography, https://dblp.org}
}

@article{DBLP:journals/corr/abs-1909-03835,
  author    = {Haochuan Lu and
               Huanlin Xu and
               Nana Liu and
               Yangfan Zhou and
               Xin Wang},
  title     = {Data Sanity Check for Deep Learning Systems via Learnt Assertions},
  journal   = {CoRR},
  volume    = {abs/1909.03835},
  year      = {2019},
  hideurl       = {http://arxiv.org/abs/1909.03835},
  archivePrefix = {arXiv},
  eprint    = {1909.03835},
  timestamp = {Tue, 17 Sep 2019 11:23:44 +0200},
  hidebiburl    = {https://dblp.org/rec/bib/journals/corr/abs-1909-03835},
  bibsource = {dblp computer science bibliography, https://dblp.org}
}


########## SE community ##############

@inproceedings{DBLP:conf/issre/HayesO99,
  author    = {Jane Huffman Hayes and
               A. Jefferson Offutt},
  title     = {Increased software reliability through input validation analysis and
               testing},
  booktitle = {International Symposium on Software Reliability Engineering,
               ISSRE},
  pages     = {199--209},
  year      = {1999},
  hideurl       = {https://doi.org/10.1109/ISSRE.1999.809325},
  hidedoi       = {10.1109/ISSRE.1999.809325},
  timestamp = {Wed, 16 Oct 2019 14:14:55 +0200},
  hidebiburl    = {https://dblp.org/rec/bib/conf/issre/HayesO99},
  bibsource = {dblp computer science bibliography, https://dblp.org}
}

@inproceedings{DBLP:conf/edo/BuehrerWS05,
  author    = {Gregory Buehrer and
               Bruce W. Weide and
               Paolo A. G. Sivilotti},
  title     = {Using parse tree validation to prevent {SQL} injection attacks},
  booktitle = {International Workshop on Software Engineering
               and Middleware, {SEM}},
  pages     = {106--113},
  year      = {2005},
  hideurl       = {https://doi.org/10.1145/1108473.1108496},
  hidedoi       = {10.1145/1108473.1108496},
  timestamp = {Tue, 06 Nov 2018 11:07:00 +0100},
  hidebiburl    = {https://dblp.org/rec/bib/conf/edo/BuehrerWS05},
  bibsource = {dblp computer science bibliography, https://dblp.org}
}

@article{DBLP:journals/corr/abs-1812-02765,
  author    = {Taylor Denouden and
               Rick Salay and
               Krzysztof Czarnecki and
               Vahdat Abdelzad and
               Buu Phan and
               Sachin Vernekar},
  title     = {Improving Reconstruction Autoencoder Out-of-distribution Detection
               with Mahalanobis Distance},
  journal   = {CoRR},
  volume    = {abs/1812.02765},
  year      = {2018},
  hideurl       = {http://arxiv.org/abs/1812.02765},
  archivePrefix = {arXiv},
  eprint    = {1812.02765},
  timestamp = {Tue, 01 Jan 2019 15:01:25 +0100},
  hidebiburl    = {https://dblp.org/rec/bib/journals/corr/abs-1812-02765},
  bibsource = {dblp computer science bibliography, https://dblp.org}
}

@incollection{ben2005outlier,
  title={Outlier detection},
  author={Ben-Gal, Irad},
  booktitle={Data mining and knowledge discovery handbook},
  pages={131--146},
  year={2005},
  hidepublisher={Springer}
}

@inproceedings{Su:PLDI2007,
   author    = {Gary Wassermann and Zhendong Su},
   title     = {Sound and precise analysis of web applications for injection vulnerabilities},
   booktitle = {PLDI},
   pages     = {32--41},
   year      = {2007},
   hidepublisher = {{ACM}},
}

@article{Hoare1969,
  author    = {C. A. R. Hoare},
  title     = {An Axiomatic Basis for Computer Programming},
  journal   = {Commun. {ACM}},
  volume    = {12},
  number    = {10},
  pages     = {576--580},
  year      = {1969},
}

@article{Cohen80,
    author = "L.J. White and E. I. Cohen",
    title = "A domain strategy for computer program testing",
    journal = "{IEEE} Trans. Software Engineering",
    year = 1980,
    volume = {SE-6},
    number = 3,
    pages = "247-257",
}

@inproceedings{Rushby2000,
   author    = {John M. Rushby},
   title     = {Verification Diagrams Revisited: Disjunctive Invariants for Easy Verification},
   booktitle = {CAV},
   pages     = {508--520},
   year      = {2000},
   series    = {Lecture Notes in Computer Science},
   volume    = {1855},
   hidepublisher = {Springer},
}


@book{Vidyasagar,
    author = "M. Vidyasagar",
    title = "Nonlinear systems analysis",
    year = 2002,
    hidepublisher = "{SIAM}",
}

@book{Horn:2012:MA:2422911,
 author = {Horn, Roger A. and Johnson, Charles R.},
 title = {Matrix Analysis},
 year = {2012},
 isbn = {0521548233, 9780521548236},
 edition = {2nd},
 hidepublisher = {Cambridge University Press},
 address = {New York, NY, USA},
} 


############# DB community ################
% contains an idea about approximate PCA
@inproceedings{DBLP:conf/sigmod/WeiLLSDW16,
  author    = {Zhewei Wei and
               Xuancheng Liu and
               Feifei Li and
               Shuo Shang and
               Xiaoyong Du and
               Ji{-}Rong Wen},
  title     = {Matrix Sketching Over Sliding Windows},
  booktitle = {SIGMOD},
  pages     = {1465--1480},
  year      = {2016},
  hideurl       = {https://doi.org/10.1145/2882903.2915228},
  hidedoi       = {10.1145/2882903.2915228},
  timestamp = {Wed, 14 Nov 2018 10:56:20 +0100},
  hidebiburl    = {https://dblp.org/rec/bib/conf/sigmod/WeiLLSDW16},
  bibsource = {dblp computer science bibliography, https://dblp.org}
}

@inproceedings{DBLP:conf/vldb/KiferBG04,
  author    = {Daniel Kifer and
               Shai Ben{-}David and
               Johannes Gehrke},
  title     = {Detecting Change in Data Streams},
  booktitle = {PVLDB},
  pages     = {180--191},
  year      = {2004},
  hideurl       = {http://www.vldb.org/conf/2004/RS5P1.PDF},
  hidedoi       = {10.1016/B978-012088469-8.50019-X},
  timestamp = {Fri, 07 Jun 2019 12:44:01 +0200},
  hidebiburl    = {https://dblp.org/rec/bib/conf/vldb/KiferBG04},
  bibsource = {dblp computer science bibliography, https://dblp.org}
}

@inproceedings{DBLP:conf/icde/ChuIP13,
  author    = {Xu Chu and
               Ihab F. Ilyas and
               Paolo Papotti},
  title     = {Holistic data cleaning: Putting violations into context},
  booktitle = {ICDE},
  pages     = {458--469},
  year      = {2013},
  hideurl       = {https://doi.org/10.1109/ICDE.2013.6544847},
  hidedoi       = {10.1109/ICDE.2013.6544847},
  timestamp = {Wed, 16 Oct 2019 14:14:56 +0200},
  hidebiburl    = {https://dblp.org/rec/bib/conf/icde/ChuIP13},
  bibsource = {dblp computer science bibliography, https://dblp.org}
}

@article{DBLP:journals/pvldb/BleifussKN17,
  author    = {Tobias Bleifu{\ss} and
               Sebastian Kruse and
               Felix Naumann},
  title     = {Efficient Denial Constraint Discovery with Hydra},
  journal   = {{PVLDB}},
  volume    = {11},
  number    = {3},
  pages     = {311--323},
  year      = {2017},
  hideurl       = {http://www.vldb.org/pvldb/vol11/p311-bleifub.pdf},
  hidedoi       = {10.14778/3157794.3157800},
  timestamp = {Tue, 16 Oct 2018 15:34:44 +0200},
  hidebiburl    = {https://dblp.org/rec/bib/journals/pvldb/BleifussKN17},
  bibsource = {dblp computer science bibliography, https://dblp.org}
}

@inproceedings{DBLP:conf/icde/AbedjanGN16,
  author    = {Ziawasch Abedjan and
               Lukasz Golab and
               Felix Naumann},
  title     = {Data profiling},
  booktitle = {ICDE},
  pages     = {1432--1435},
  year      = {2016},
  hideurl       = {https://doi.org/10.1109/ICDE.2016.7498363},
  hidedoi       = {10.1109/ICDE.2016.7498363},
  timestamp = {Wed, 16 Oct 2019 14:14:56 +0200},
  hidebiburl    = {https://dblp.org/rec/bib/conf/icde/AbedjanGN16},
  bibsource = {dblp computer science bibliography, https://dblp.org}
}


@misc{citusdata, 
  title={The Postgres 10 feature you didn't know about: CREATE STATISTICS.},
  howpublished={\url{www.citusdata.com/blog/2018/03/06/postgres-planner-and-its-usage-of-statistics/}},
  journal={Citus Data}, 
  author={Citusdata}
}

@misc{koch2013, 
  title={SQL Database Performance Tuning for Developers.},
  howpublished={\url{https://moa.cms.waikato.ac.nz/datasets/}}, 
  journal={Toptal Engineering Blog}, 
  hidepublisher={Toptal}, 
  author={Koch, Rodrigo}, 
  year={2013}, 
  month={Sep}
}

@inproceedings{DBLP:conf/sigmod/Qahtan0OCS19,
  author    = {Abdulhakim Ali Qahtan and
               Nan Tang and
               Mourad Ouzzani and
               Yang Cao and
               Michael Stonebraker},
  title     = {{ANMAT:} Automatic Knowledge Discovery and Error Detection through
               Pattern Functional Dependencies},
  booktitle = {SIGMOD},
  pages     = {1977--1980},
  year      = {2019},
  hideurl       = {https://doi.org/10.1145/3299869.3320209},
  hidedoi       = {10.1145/3299869.3320209},
  timestamp = {Thu, 04 Jul 2019 15:45:22 +0200},
  hidebiburl    = {https://dblp.org/rec/bib/conf/sigmod/Qahtan0OCS19},
  bibsource = {dblp computer science bibliography, https://dblp.org}
}

@article{DBLP:journals/pvldb/BleifussBJKNS18,
  author    = {Tobias Bleifu{\ss} and
               Leon Bornemann and
               Theodore Johnson and
               Dmitri V. Kalashnikov and
               Felix Naumann and
               Divesh Srivastava},
  title     = {Exploring Change - {A} New Dimension of Data Analytics},
  journal   = {{PVLDB}},
  volume    = {12},
  number    = {2},
  pages     = {85--98},
  year      = {2018},
  hideurl       = {http://www.vldb.org/pvldb/vol12/p85-bleifuss.pdf},
  timestamp = {Sat, 17 Nov 2018 18:08:24 +0100},
  hidebiburl    = {https://dblp.org/rec/bib/journals/pvldb/BleifussBJKNS18},
  bibsource = {dblp computer science bibliography, https://dblp.org}
}

@article{DBLP:journals/pvldb/HuangK15,
  author    = {Hao Huang and
               Shiva Prasad Kasiviswanathan},
  title     = {Streaming Anomaly Detection Using Randomized Matrix Sketching},
  journal   = {{PVLDB}},
  volume    = {9},
  number    = {3},
  pages     = {192--203},
  year      = {2015},
  hideurl       = {http://www.vldb.org/pvldb/vol9/p192-huang.pdf},
  hidedoi       = {10.14778/2850583.2850593},
  timestamp = {Thu, 16 Aug 2018 11:33:44 +0200},
  hidebiburl    = {https://dblp.org/rec/bib/journals/pvldb/HuangK15},
  bibsource = {dblp computer science bibliography, https://dblp.org}
}
@article{DBLP:journals/pvldb/KriegelKZ08,
  author    = {Hans{-}Peter Kriegel and
               Peer Kr{\"{o}}ger and
               Arthur Zimek},
  title     = {Detecting clusters in moderate-to-high dimensional data: subspace
               clustering, pattern-based clustering, and correlation clustering},
  journal   = {{PVLDB}},
  volume    = {1},
  number    = {2},
  pages     = {1528--1529},
  year      = {2008},
  hideurl       = {http://www.vldb.org/pvldb/1/1454223.pdf},
  hidedoi       = {10.14778/1454159.1454223},
  timestamp = {Thu, 16 Aug 2018 11:33:44 +0200},
  hidebiburl    = {https://dblp.org/rec/bib/journals/pvldb/KriegelKZ08},
  bibsource = {dblp computer science bibliography, https://dblp.org}
}

@inproceedings{DBLP:conf/edbt/NehmeRB09,
  author    = {Rimma V. Nehme and
               Elke A. Rundensteiner and
               Elisa Bertino},
  title     = {Self-tuning query mesh for adaptive multi-route query processing},
  booktitle = {EDBT},
  pages     = {803--814},
  year      = {2009},
  hideurl       = {https://doi.org/10.1145/1516360.1516452},
  hidedoi       = {10.1145/1516360.1516452},
  timestamp = {Tue, 06 Nov 2018 16:59:06 +0100},
  hidebiburl    = {https://dblp.org/rec/bib/conf/edbt/NehmeRB09},
  bibsource = {dblp computer science bibliography, https://dblp.org}
}

@inproceedings{DBLP:conf/sigmod/DasGIJJNRSXC19,
  author    = {Sudipto Das and
               Miroslav Grbic and
               Igor Ilic and
               Isidora Jovandic and
               Andrija Jovanovic and
               Vivek R. Narasayya and
               Miodrag Radulovic and
               Maja Stikic and
               Gaoxiang Xu and
               Surajit Chaudhuri},
  title     = {Automatically Indexing Millions of Databases in Microsoft Azure {SQL}
               Database},
  booktitle = {SIGMOD},
  pages     = {666--679},
  year      = {2019},
  hideurl       = {https://doi.org/10.1145/3299869.3314035},
  hidedoi       = {10.1145/3299869.3314035},
  timestamp = {Sat, 22 Jun 2019 17:10:04 +0200},
  hidebiburl    = {https://dblp.org/rec/bib/conf/sigmod/DasGIJJNRSXC19},
  bibsource = {dblp computer science bibliography, https://dblp.org}
}

@inproceedings{DBLP:conf/icde/HolzeHR10,
  author    = {Marc Holze and
               Ali Haschimi and
               Norbert Ritter},
  title     = {Towards workload-aware self-management: Predicting significant workload
               shifts},
  booktitle = {Workshops Proceedings of the 26th International Conference on Data
               Engineering, {ICDE}},
  pages     = {111--116},
  year      = {2010},
  hideurl       = {https://doi.org/10.1109/ICDEW.2010.5452738},
  hidedoi       = {10.1109/ICDEW.2010.5452738},
  timestamp = {Wed, 17 May 2017 10:55:12 +0200},
  hidebiburl    = {https://dblp.org/rec/bib/conf/icde/HolzeHR10},
  bibsource = {dblp computer science bibliography, https://dblp.org}
}

@inproceedings{DBLP:conf/icde/SchnaitterAMP07,
  author    = {Karl Schnaitter and
               Serge Abiteboul and
               Tova Milo and
               Neoklis Polyzotis},
  title     = {On-Line Index Selection for Shifting Workloads},
  booktitle = {ICDE},
  pages     = {459--468},
  year      = {2007},
  hideurl       = {https://doi.org/10.1109/ICDEW.2007.4401029},
  hidedoi       = {10.1109/ICDEW.2007.4401029},
  timestamp = {Wed, 17 May 2017 10:55:24 +0200},
  hidebiburl    = {https://dblp.org/rec/bib/conf/icde/SchnaitterAMP07},
  bibsource = {dblp computer science bibliography, https://dblp.org}
}

@inproceedings{DBLP:conf/sigmod/MozafariGY15,
  author    = {Barzan Mozafari and
               Eugene Zhen Ye Goh and
               Dong Young Yoon},
  title     = {CliffGuard: {A} Principled Framework for Finding Robust Database Designs},
  booktitle = {SIGMOD},
  pages     = {1167--1182},
  year      = {2015},
  hideurl       = {https://doi.org/10.1145/2723372.2749454},
  hidedoi       = {10.1145/2723372.2749454},
  timestamp = {Tue, 06 Nov 2018 11:07:39 +0100},
  hidebiburl    = {https://dblp.org/rec/bib/conf/sigmod/MozafariGY15},
  bibsource = {dblp computer science bibliography, https://dblp.org}
}


@inproceedings{DBLP:conf/icde/HaqueKBTA16,
  author    = {Ahsanul Haque and
               Latifur Khan and
               Michael Baron and
               Bhavani M. Thuraisingham and
               Charu C. Aggarwal},
  title     = {Efficient handling of concept drift and concept evolution over Stream
               Data},
  booktitle = {ICDE},
  pages     = {481--492},
  year      = {2016},
  hideurl       = {https://doi.org/10.1109/ICDE.2016.7498264},
  hidedoi       = {10.1109/ICDE.2016.7498264},
  timestamp = {Wed, 17 May 2017 10:55:17 +0200},
  hidebiburl    = {https://dblp.org/rec/bib/conf/icde/HaqueKBTA16},
  bibsource = {dblp computer science bibliography, https://dblp.org}
}

@inproceedings{DBLP:conf/sigmod/Aggarwal03,
  author    = {Charu C. Aggarwal},
  title     = {A Framework for Diagnosing Changes in Evolving Data Streams},
  booktitle = {SIGMOD},
  pages     = {575--586},
  year      = {2003},
  hideurl       = {https://doi.org/10.1145/872757.872826},
  hidedoi       = {10.1145/872757.872826},
  timestamp = {Tue, 06 Nov 2018 11:07:40 +0100},
  hidebiburl    = {https://dblp.org/rec/bib/conf/sigmod/Aggarwal03},
  bibsource = {dblp computer science bibliography, https://dblp.org}
}

@inproceedings{DBLP:conf/vldb/Pena18,
  author    = {Eduardo Pe{\~{n}}a},
  title     = {Workload-Aware Discovery of Integrity Constraints for Data Cleaning},
  booktitle = {Proceedings of the {VLDB} 2018 PhD Workshop co-located with the 44th
               International Conference on Very Large Databases {(VLDB} 2018), Rio
               de Janeiro, Brasil, Aug 27-31, 2018},
  year      = {2018},
  hideurl       = {http://ceur-ws.org/Vol-2175/paper04.pdf},
  timestamp = {Tue, 28 May 2019 16:23:39 +0200},
  biburl    = {https://dblp.org/rec/bib/conf/vldb/Pena18},
  bibsource = {dblp computer science bibliography, https://dblp.org}
}

@article{DBLP:journals/vldb/AbedjanGN15,
  author    = {Ziawasch Abedjan and
               Lukasz Golab and
               Felix Naumann},
  title     = {Profiling relational data: a survey},
  journal   = {{VLDB} J.},
  volume    = {24},
  number    = {4},
  pages     = {557--581},
  year      = {2015},
  hideurl       = {https://doi.org/10.1007/s00778-015-0389-y},
  hidedoi       = {10.1007/s00778-015-0389-y},
  timestamp = {Fri, 30 Nov 2018 13:24:04 +0100},
  biburl    = {https://dblp.org/rec/journals/vldb/AbedjanGN15.bib},
  bibsource = {dblp computer science bibliography, https://dblp.org}
}


@article{DBLP:journals/pvldb/FarihaM19,
  author    = {Anna Fariha and
               Alexandra Meliou},
  title     = {Example-Driven Query Intent Discovery: Abductive Reasoning using Semantic
               Similarity},
  journal   = {{PVLDB}},
  volume    = {12},
  number    = {11},
  pages     = {1262--1275},
  year      = {2019},
  hideurl       = {http://www.vldb.org/pvldb/vol12/p1262-fariha.pdf},
 hidedoi       = {10.14778/3342263.3342266},
  timestamp = {Mon, 04 Nov 2019 15:39:16 +0100},
  biburl    = {https://dblp.org/rec/journals/pvldb/FarihaM19.bib},
  bibsource = {dblp computer science bibliography, https://dblp.org}
}

@inproceedings{DBLP:conf/vldb/HouselWY79,
  author    = {Barron C. Housel and
               Vance E. Waddle and
               S. Bing Yao},
  title     = {The Functional Dependency Model for Logical Database Design},
  booktitle = {Fifth International Conference on Very Large Data Bases, October 3-5,
               1979, Rio de Janeiro, Brazil, Proceedings},
  pages     = {194--208},
  year      = {1979},
  timestamp = {Wed, 29 Mar 2017 16:45:24 +0200},
  biburl    = {https://dblp.org/rec/conf/vldb/HouselWY79.bib},
  bibsource = {dblp computer science bibliography, https://dblp.org}
}

@article{DBLP:journals/kais/ChandolaK07,
  author    = {Varun Chandola and
               Vipin Kumar},
  title     = {Summarization - compressing data into an informative representation},
  journal   = {Knowl. Inf. Syst.},
  volume    = {12},
  number    = {3},
  pages     = {355--378},
  year      = {2007},
  hideurl       = {https://doi.org/10.1007/s10115-006-0039-1},
 hidedoi       = {10.1007/s10115-006-0039-1},
  timestamp = {Sun, 28 May 2017 13:24:50 +0200},
  biburl    = {https://dblp.org/rec/journals/kais/ChandolaK07.bib},
  bibsource = {dblp computer science bibliography, https://dblp.org}
}

@article{DBLP:journals/vldb/DrosouP13,
  author    = {Marina Drosou and
               Evaggelia Pitoura},
  title     = {YmalDB: exploring relational databases via result-driven recommendations},
  journal   = {{VLDB} J.},
  volume    = {22},
  number    = {6},
  pages     = {849--874},
  year      = {2013},
  hideurl       = {https://doi.org/10.1007/s00778-013-0311-4},
 hidedoi       = {10.1007/s00778-013-0311-4},
  timestamp = {Sun, 28 May 2017 13:19:16 +0200},
  biburl    = {https://dblp.org/rec/journals/vldb/DrosouP13.bib},
  bibsource = {dblp computer science bibliography, https://dblp.org}
}

@article{DBLP:journals/pvldb/FanGJ08a,
  author    = {Wenfei Fan and
               Floris Geerts and
               Xibei Jia},
  title     = {A revival of integrity constraints for data cleaning},
  journal   = {{PVLDB}},
  volume    = {1},
  number    = {2},
  pages     = {1522--1523},
  year      = {2008},
  hideurl       = {http://www.vldb.org/pvldb/vol1/1454220.pdf},
 hidedoi       = {10.14778/1454159.1454220},
  timestamp = {Tue, 14 Jan 2020 11:21:56 +0100},
  biburl    = {https://dblp.org/rec/journals/pvldb/FanGJ08a.bib},
  bibsource = {dblp computer science bibliography, https://dblp.org}
}

@inproceedings{DBLP:conf/icde/BohannonFGJK07,
  author    = {Philip Bohannon and
               Wenfei Fan and
               Floris Geerts and
               Xibei Jia and
               Anastasios Kementsietsidis},
  title     = {Conditional Functional Dependencies for Data Cleaning},
  booktitle = {Proceedings of the 23rd International Conference on Data Engineering,
               {ICDE} 2007, The Marmara Hotel, Istanbul, Turkey, April 15-20, 2007},
  pages     = {746--755},
  year      = {2007},
  hideurl       = {https://doi.org/10.1109/ICDE.2007.367920},
 hidedoi       = {10.1109/ICDE.2007.367920},
  timestamp = {Wed, 16 Oct 2019 14:14:56 +0200},
  biburl    = {https://dblp.org/rec/conf/icde/BohannonFGJK07.bib},
  bibsource = {dblp computer science bibliography, https://dblp.org}
}

@inproceedings{DBLP:conf/icde/FanGLX09,
  author    = {Wenfei Fan and
               Floris Geerts and
               Laks V. S. Lakshmanan and
               Ming Xiong},
  title     = {Discovering Conditional Functional Dependencies},
  booktitle = {ICDE},
  pages     = {1231--1234},
  year      = {2009},
  hideurl       = {https://doi.org/10.1109/ICDE.2009.208},
 hidedoi       = {10.1109/ICDE.2009.208},
  timestamp = {Wed, 16 Oct 2019 14:14:56 +0200},
  biburl    = {https://dblp.org/rec/conf/icde/FanGLX09.bib},
  bibsource = {dblp computer science bibliography, https://dblp.org}
}

@article{DBLP:journals/pvldb/MeliouGS11,
  author    = {Alexandra Meliou and
               Wolfgang Gatterbauer and
               Dan Suciu},
  title     = {Reverse Data Management},
  journal   = {{PVLDB}},
  volume    = {4},
  number    = {12},
  pages     = {1490--1493},
  year      = {2011},
  hideurl       = {http://www.vldb.org/pvldb/vol4/p1490-meliou.pdf},
  timestamp = {Thu, 16 Aug 2018 11:33:43 +0200},
  biburl    = {https://dblp.org/rec/journals/pvldb/MeliouGS11.bib},
  bibsource = {dblp computer science bibliography, https://dblp.org}
}

@inproceedings{petit1996towards,
  title={Towards the reverse engineering of renormalized relational databases},
  author={Petit, J-M and Toumani, Farouk and Boulicaut, J-F and Kouloumdjian, Jacques},
  booktitle={Proceedings of the Twelfth International Conference on Data Engineering},
  pages={218--227},
  year={1996},
  hideorganization={IEEE}
}

@article{DBLP:journals/tods/Weddell92,
  author    = {Grant E. Weddell},
  title     = {Reasoning about Functional Dependencies Generalized for Semantic Data
               Models},
  journal   = {{ACM} Trans. Database Syst.},
  volume    = {17},
  number    = {1},
  pages     = {32--64},
  year      = {1992},
  hideurl       = {https://doi.org/10.1145/128765.128767},
 hidedoi       = {10.1145/128765.128767},
  timestamp = {Tue, 06 Nov 2018 12:51:47 +0100},
  biburl    = {https://dblp.org/rec/journals/tods/Weddell92.bib},
  bibsource = {dblp computer science bibliography, https://dblp.org}
}

@inproceedings{yu2011extending,
  title={Extending functional dependency to detect abnormal data in RDF graphs},
  author={Yu, Yang and Heflin, Jeff},
  booktitle={International Semantic Web Conference},
  pages={794--809},
  year={2011},
  hideorganization={Springer}
}

@article{zhang2015toward,
  title={Toward effective Big Data analysis in continuous auditing},
  author={Zhang, Juan and Yang, Xiongsheng and Appelbaum, Deniz},
  journal={Accounting Horizons},
  volume={29},
  number={2},
  pages={469--476},
  year={2015},
  hidepublisher={American Accounting Association}
}

@article{chandola2009anomaly,
  title={Anomaly detection: A survey},
  author={Chandola, Varun and Banerjee, Arindam and Kumar, Vipin},
  journal={ACM computing surveys (CSUR)},
  volume={41},
  number={3},
  pages={1--58},
  year={2009},
  hidepublisher={ACM New York, NY, USA}
}

@article{ge2019correlation,
  title={Correlation-aware partitioning for skewed range query optimization},
  author={Ge, Wei and Li, Xianxian and Yuan, Chunfeng and Huang, Yihua},
  journal={World Wide Web},
  volume={22},
  number={1},
  pages={125--151},
  year={2019},
  hidepublisher={Springer}
}

@article{chaudhuri2009exact,
  title={Exact cardinality query optimization for optimizer testing},
  author={Chaudhuri, Surajit and Narasayya, Vivek and Ramamurthy, Ravi},
  journal={PVLDB},
  volume={2},
  number={1},
  pages={994--1005},
  year={2009},
  hidepublisher={VLDB Endowment}
}

@article{papenbrock2015functional,
  title={Functional dependency discovery: An experimental evaluation of seven algorithms},
  author={Papenbrock, Thorsten and Ehrlich, Jens and Marten, Jannik and Neubert, Tommy and Rudolph, Jan-Peer and Sch{\"o}nberg, Martin and Zwiener, Jakob and Naumann, Felix},
  journal={PVLDB},
  volume={8},
  number={10},
  pages={1082--1093},
  year={2015},
  hidepublisher={VLDB Endowment}
}

@inproceedings{koudas2009metric,
  title={Metric functional dependencies},
  author={Koudas, Nick and Saha, Avishek and Srivastava, Divesh and Venkatasubramanian, Suresh},
  booktitle={ICDE},
  pages={1275--1278},
  year={2009},
  hideorganization={IEEE}
}

@article{huhtala1999tane,
  title={TANE: An efficient algorithm for discovering functional and approximate dependencies},
  author={Huhtala, Yka and K{\"a}rkk{\"a}inen, Juha and Porkka, Pasi and Toivonen, Hannu},
  journal={The computer journal},
  volume={42},
  number={2},
  pages={100--111},
  year={1999},
  hidepublisher={OUP}
}

@article{kruse2018efficient,
  title={Efficient discovery of approximate dependencies},
  author={Kruse, Sebastian and Naumann, Felix},
  journal={PVLDB},
  volume={11},
  number={7},
  pages={759--772},
  year={2018},
  hidepublisher={VLDB Endowment}
}

@article{song2011differential,
  title={Differential dependencies: Reasoning and discovery},
  author={Song, Shaoxu and Chen, Lei},
  journal={ACM Transactions on Database Systems (TODS)},
  volume={36},
  number={3},
  pages={1--41},
  year={2011},
  hidepublisher={ACM New York, NY, USA}
}

@article{DBLP:journals/vldb/LangerN16,
  author    = {Philipp Langer and
               Felix Naumann},
  title     = {Efficient order dependency detection},
  journal   = {{VLDB} J.},
  volume    = {25},
  number    = {2},
  pages     = {223--241},
  year      = {2016},
  hideurl       = {https://doi.org/10.1007/s00778-015-0412-3},
 hidedoi       = {10.1007/s00778-015-0412-3},
  timestamp = {Sun, 02 Jun 2019 20:52:23 +0200},
  biburl    = {https://dblp.org/rec/journals/vldb/LangerN16.bib},
  bibsource = {dblp computer science bibliography, https://dblp.org}
}

@article{DBLP:journals/pvldb/SzlichtaGGKS17,
  author    = {Jaroslaw Szlichta and
               Parke Godfrey and
               Lukasz Golab and
               Mehdi Kargar and
               Divesh Srivastava},
  title     = {Effective and Complete Discovery of Order Dependencies via Set-based
               Axiomatization},
  journal   = {{PVLDB}},
  volume    = {10},
  number    = {7},
  pages     = {721--732},
  year      = {2017},
  hideurl       = {http://www.vldb.org/pvldb/vol10/p721-szlichta.pdf},
 hidedoi       = {10.14778/3067421.3067422},
  timestamp = {Tue, 16 Oct 2018 15:34:44 +0200},
  biburl    = {https://dblp.org/rec/journals/pvldb/SzlichtaGGKS17.bib},
  bibsource = {dblp computer science bibliography, https://dblp.org}
}

@article{papenbrock2015divide,
  title={Divide \& conquer-based inclusion dependency discovery},
  author={Papenbrock, Thorsten and Kruse, Sebastian and Quian{\'e}-Ruiz, Jorge-Arnulfo and Naumann, Felix},
  journal={PVLDB},
  volume={8},
  number={7},
  pages={774--785},
  year={2015},
  hidepublisher={VLDB Endowment}
}

@article{DBLP:journals/pvldb/HeiseQAJN13,
  author    = {Arvid Heise and
               Jorge{-}Arnulfo Quian{\'{e}}{-}Ruiz and
               Ziawasch Abedjan and
               Anja Jentzsch and
               Felix Naumann},
  title     = {Scalable Discovery of Unique Column Combinations},
  journal   = {{PVLDB}},
  volume    = {7},
  number    = {4},
  pages     = {301--312},
  year      = {2013},
  hideurl       = {http://www.vldb.org/pvldb/vol7/p301-heise.pdf},
 hidedoi       = {10.14778/2732240.2732248},
  timestamp = {Fri, 02 Nov 2018 09:31:30 +0100},
  biburl    = {https://dblp.org/rec/journals/pvldb/HeiseQAJN13.bib},
  bibsource = {dblp computer science bibliography, https://dblp.org}
}

@article{DBLP:journals/jiis/MarchiLP09,
  author    = {Fabien De Marchi and
               St{\'{e}}phane Lopes and
               Jean{-}Marc Petit},
  title     = {Unary and n-ary inclusion dependency discovery in relational databases},
  journal   = {J. Intell. Inf. Syst.},
  volume    = {32},
  number    = {1},
  pages     = {53--73},
  year      = {2009},
  hideurl       = {https://doi.org/10.1007/s10844-007-0048-x},
 hidedoi       = {10.1007/s10844-007-0048-x},
  timestamp = {Fri, 26 May 2017 22:55:02 +0200},
  biburl    = {https://dblp.org/rec/journals/jiis/MarchiLP09.bib},
  bibsource = {dblp computer science bibliography, https://dblp.org}
}

@article{DBLP:journals/pvldb/ChuIP13,
  author    = {Xu Chu and
               Ihab F. Ilyas and
               Paolo Papotti},
  title     = {Discovering Denial Constraints},
  journal   = {{PVLDB}},
  volume    = {6},
  number    = {13},
  pages     = {1498--1509},
  year      = {2013},
  hideurl       = {http://www.vldb.org/pvldb/vol6/p1498-papotti.pdf},
 hidedoi       = {10.14778/2536258.2536262},
  timestamp = {Wed, 14 Nov 2018 10:37:03 +0100},
  biburl    = {https://dblp.org/rec/journals/pvldb/ChuIP13.bib},
  bibsource = {dblp computer science bibliography, https://dblp.org}
}

@inproceedings{DBLP:conf/sigmod/IlyasMHBA04,
  author    = {Ihab F. Ilyas and
               Volker Markl and
               Peter J. Haas and
               Paul Brown and
               Ashraf Aboulnaga},
  title     = {{CORDS:} Automatic Discovery of Correlations and Soft Functional Dependencies},
  booktitle = {SIGMOD},
  pages     = {647--658},
  year      = {2004},
  hideurl       = {https://doi.org/10.1145/1007568.1007641},
 hidedoi       = {10.1145/1007568.1007641},
  timestamp = {Wed, 14 Nov 2018 10:56:19 +0100},
  biburl    = {https://dblp.org/rec/conf/sigmod/IlyasMHBA04.bib},
  bibsource = {dblp computer science bibliography, https://dblp.org}
}

@inproceedings{caruccio2016discovery,
  title={On the discovery of relaxed functional dependencies},
  author={Caruccio, Loredana and Deufemia, Vincenzo and Polese, Giuseppe},
  booktitle={Proceedings of the 20th International Database Engineering \& Applications Symposium},
  pages={53--61},
  year={2016}
}

@article{pena2019discovery,
  title={Discovery of approximate (and exact) denial constraints},
  author={Pena, Eduardo HM and de Almeida, Eduardo C and Naumann, Felix},
  journal={PVLDB},
  volume={13},
  number={3},
  pages={266--278},
  year={2019},
  hidepublisher={VLDB Endowment}
}

@inproceedings{DBLP:conf/sigmod/FarihaTRG20,
  author    = {Anna Fariha and
               Ashish Tiwari and
               Arjun Radhakrishna and
               Sumit Gulwani},
  title     = {ExTuNe: Explaining Tuple Non-conformance},
  booktitle = {{SIGMOD}},
  pages     = {2741--2744},
  hidepublisher = {{ACM}},
  year      = {2020},
  hideurl       = {https://doi.org/10.1145/3318464.3384694},
  hidedoi       = {10.1145/3318464.3384694},
}

@article{DBLP:journals/pvldb/WeiL19,
  author    = {Ziheng Wei and
               Sebastian Link},
  title     = {Embedded Functional Dependencies and Data-completeness Tailored Database
               Design},
  journal   = {{PVLDB}},
  volume    = {12},
  number    = {11},
  pages     = {1458--1470},
  year      = {2019},
  hideurl       = {http://www.vldb.org/pvldb/vol12/p1458-wei.pdf},
 hidedoi       = {10.14778/3342263.3342626},
  timestamp = {Mon, 04 Nov 2019 15:39:16 +0100},
  biburl    = {https://dblp.org/rec/journals/pvldb/WeiL19.bib},
  bibsource = {dblp computer science bibliography, https://dblp.org}
}

@inproceedings{DBLP:conf/icde/ChuIP13full,
  author    = {Xu Chu and
               Ihab F. Ilyas and
               Paolo Papotti},
  title     = {Holistic data cleaning: Putting violations into context},
  booktitle = {29th {IEEE} International Conference on Data Engineering, {ICDE} 2013,
               Brisbane, Australia, April 8-12, 2013},
  pages     = {458--469},
  year      = {2013},
  hideurl       = {https://doi.org/10.1109/ICDE.2013.6544847},
 hidedoi       = {10.1109/ICDE.2013.6544847},
  timestamp = {Thu, 21 Nov 2019 11:11:44 +0100},
  biburl    = {https://dblp.org/rec/conf/icde/ChuIP13.bib},
  bibsource = {dblp computer science bibliography, https://dblp.org}
}

@article{DBLP:journals/pvldb/LiuXDE16,
  author    = {Hai Liu and
               Dongqing Xiao and
               Pankaj Didwania and
               Mohamed Y. Eltabakh},
  title     = {Exploiting Soft and Hard Correlations in Big Data Query Optimization},
  journal   = {{PVLDB}},
  volume    = {9},
  number    = {12},
  pages     = {1005--1016},
  year      = {2016},
  hideurl       = {http://www.vldb.org/pvldb/vol9/p1005-liu.pdf},
 hidedoi       = {10.14778/2994509.2994519},
  timestamp = {Thu, 16 Aug 2018 11:33:43 +0200},
  biburl    = {https://dblp.org/rec/journals/pvldb/LiuXDE16.bib},
  bibsource = {dblp computer science bibliography, https://dblp.org}
}

@inproceedings{wang2009functional,
  title={Functional Dependency Generation and Applications in Pay-As-You-Go Data Integration Systems.},
  author={Wang, Daisy Zhe and Dong, Xin Luna and Sarma, Anish Das and Franklin, Michael J and Halevy, Alon Y},
  booktitle={WebDB},
  year={2009}
}

@article{DBLP:journals/pvldb/0002M13,
  author    = {Eugene Wu and
               Samuel Madden},
  title     = {Scorpion: Explaining Away Outliers in Aggregate Queries},
  journal   = {{PVLDB}},
  volume    = {6},
  number    = {8},
  pages     = {553--564},
  year      = {2013},
  hideurl       = {http://www.vldb.org/pvldb/vol6/p553-wu.pdf},
 hidedoi       = {10.14778/2536354.2536356},
  timestamp = {Thu, 16 Aug 2018 11:33:43 +0200},
  biburl    = {https://dblp.org/rec/journals/pvldb/0002M13.bib},
  bibsource = {dblp computer science bibliography, https://dblp.org}
}

@inproceedings{DBLP:conf/stoc/PanC99,
  author    = {Victor Y. Pan and Zhao Q. Chen},
  title     = {The Complexity of the Matrix Eigenproblem},
  booktitle = {ACM Symposium on Theory of Computing},
  pages     = {507--516},
  hidepublisher = {{ACM}},
  year      = {1999},
  hideurl       = {https://doi.org/10.1145/301250.301389},
  hidedoi       = {10.1145/301250.301389},
  hidetimestamp = {Tue, 06 Nov 2018 11:07:05 +0100},
  hidebiburl    = {https://dblp.org/rec/conf/stoc/PanC99.bib},
  hidebibsource = {dblp computer science bibliography, https://dblp.org}
}

@article{qahtan2020pattern,
  title={Pattern functional dependencies for data cleaning},
  author={Qahtan, Abdulhakim and Tang, Nan and Ouzzani, Mourad and Cao, Yang and Stonebraker, Michael},
  journal={PVLDB},
  volume={13},
  number={5},
  pages={684--697},
  year={2020},
  hidepublisher={VLDB Endowment}
}


@inproceedings{guo2017calibration,
  title={On calibration of modern neural networks},
  author={Guo, Chuan and Pleiss, Geoff and Sun, Yu and Weinberger, Kilian Q},
  booktitle={Proceedings of the 34th International Conference on Machine Learning-Volume 70},
  pages={1321--1330},
  year={2017},
  hideorganization={JMLR. org}
}


@article{DBLP:journals/corr/abs-1910-08678,
  author    = {Aline Bessa and
               Juliana Freire and
               Divesh Srivastava and
               Tamraparni Dasu},
  title     = {Efficient Discovery of Meaningful Outlier Relationships},
  journal   = {CoRR},
  volume    = {abs/1910.08678},
  year      = {2019},
  hideurl       = {http://arxiv.org/abs/1910.08678},
  archivePrefix = {arXiv},
  eprint    = {1910.08678},
  timestamp = {Tue, 22 Oct 2019 18:17:16 +0200},
  biburl    = {https://dblp.org/rec/bib/journals/corr/abs-1910-08678},
  bibsource = {dblp computer science bibliography, https://dblp.org}
}

@inproceedings{DBLP:conf/icml/GuhaMRS16,
  author    = {Sudipto Guha and
               Nina Mishra and
               Gourav Roy and
               Okke Schrijvers},
  title     = {Robust Random Cut Forest Based Anomaly Detection on Streams},
  booktitle = {ICML},
  pages     = {2712--2721},
  year      = {2016},
  hideurl       = {http://proceedings.mlr.press/v48/guha16.html},
  timestamp = {Wed, 29 May 2019 08:41:46 +0200},
  biburl    = {https://dblp.org/rec/bib/conf/icml/GuhaMRS16},
  bibsource = {dblp computer science bibliography, https://dblp.org}
}

@article{DBLP:journals/comsis/HeX05,
  author    = {Zengyou He and
               Xiaofei Xu and
               Joshua Zhexue Huang and
               Shengchun Deng},
  title     = {{FP}-outlier: Frequent pattern based outlier detection},
  journal   = {Comput. Sci. Inf. Syst.},
  volume    = {2},
  number    = {1},
  pages     = {103--118},
  year      = {2005},
  hideurl       = {https://doi.org/10.2298/CSIS0501103H},
  hidedoi       = {10.2298/CSIS0501103H},
  timestamp = {Tue, 21 May 2019 18:03:35 +0200},
  biburl    = {https://dblp.org/rec/bib/journals/comsis/HeX05},
  bibsource = {dblp computer science bibliography, https://dblp.org}
}

@article{DBLP:journals/pvldb/MiaoZLGKR19,
  author    = {Zhengjie Miao and
               Qitian Zeng and
               Chenjie Li and
               Boris Glavic and
               Oliver Kennedy and
               Sudeepa Roy},
  title     = {{CAPE:} Explaining Outliers by Counterbalancing},
  journal   = {{PVLDB}},
  volume    = {12},
  number    = {12},
  pages     = {1806--1809},
  year      = {2019},
  hideurl       = {http://www.vldb.org/pvldb/vol12/p1806-miao.pdf},
  hidedoi       = {10.14778/3352063.3352071},
  timestamp = {Mon, 04 Nov 2019 15:39:16 +0100},
  biburl    = {https://dblp.org/rec/bib/journals/pvldb/MiaoZLGKR19},
  bibsource = {dblp computer science bibliography, https://dblp.org}
}

@inproceedings{DBLP:conf/icdm/MicenkovaNDA13,
  author    = {Barbora Micenkov{\'{a}} and
               Raymond T. Ng and
               Xuan{-}Hong Dang and
               Ira Assent},
  title     = {Explaining Outliers by Subspace Separability},
  booktitle = {ICDM},
  pages     = {518--527},
  year      = {2013},
  hideurl       = {https://doi.org/10.1109/ICDM.2013.132},
  hidedoi       = {10.1109/ICDM.2013.132},
  timestamp = {Wed, 16 Oct 2019 14:14:51 +0200},
  biburl    = {https://dblp.org/rec/bib/conf/icdm/MicenkovaNDA13},
  bibsource = {dblp computer science bibliography, https://dblp.org}
}


@article{DBLP:journals/jair/ChocklerH04,
  author    = {Hana Chockler and
               Joseph Y. Halpern},
  title     = {Responsibility and Blame: {A} Structural-Model Approach},
  journal   = {J. Artif. Intell. Res.},
  volume    = {22},
  pages     = {93--115},
  year      = {2004},
  hideurl       = {https://doi.org/10.1613/jair.1391},
 hidedoi       = {10.1613/jair.1391},
  timestamp = {Mon, 21 Jan 2019 15:01:17 +0100},
  biburl    = {https://dblp.org/rec/bib/journals/jair/ChocklerH04},
  bibsource = {dblp computer science bibliography, https://dblp.org}
}

@inproceedings{DBLP:conf/mud/MeliouGMS10,
  author    = {Alexandra Meliou and
               Wolfgang Gatterbauer and
               Katherine F. Moore and
               Dan Suciu},
  title     = {{WHY} SO? or {WHY} NO? Functional Causality for Explaining Query Answers},
  booktitle = {MUD@ VLDB},
  pages     = {3--17},
  year      = {2010},
  hideurl       = {http://ewi1276.ewi.utwente.nl:3000/papers/MUD2010\_whyso.pdf},
  timestamp = {Sun, 22 May 2011 12:57:41 +0200},
  biburl    = {https://dblp.org/rec/bib/conf/mud/MeliouGMS10},
  bibsource = {dblp computer science bibliography, https://dblp.org}
}

@inproceedings{DBLP:conf/uai/HalpernP01,
  author    = {Joseph Y. Halpern and
               Judea Pearl},
  title     = {Causes and Explanations: {A} Structural-Model Approach: Part 1: Causes},
  booktitle = {{UAI}},
  pages     = {194--202},
  year      = {2001},
  hideurl       = {https://dslpitt.org/uai/displayArticleDetails.jsp?mmnu=1\&smnu=2\&article\_id=100\&proceeding\_id=17},
  timestamp = {Wed, 06 May 2015 15:02:56 +0200},
  biburl    = {https://dblp.org/rec/bib/conf/uai/HalpernP01},
  bibsource = {dblp computer science bibliography, https://dblp.org}
}

@inproceedings{DBLP:conf/icann/TaxM03,
  author    = {David M. J. Tax and
               Klaus{-}Robert M{\"{u}}ller},
  title     = {Feature Extraction for One-Class Classification},
  booktitle = {ICANN/ICONIP},
  pages     = {342--349},
  year      = {2003},
  hideurl       = {https://doi.org/10.1007/3-540-44989-2\_41},
 hidedoi       = {10.1007/3-540-44989-2\_41},
  timestamp = {Wed, 18 Dec 2019 17:28:51 +0100},
  biburl    = {https://dblp.org/rec/bib/conf/icann/TaxM03},
  bibsource = {dblp computer science bibliography, https://dblp.org}
}

@article{tax2002one,
  title={One-class classification: Concept learning in the absence of counter-examples.},
  author={Tax, David Martinus Johannes},
  year={2002}
}


@book{quionero2009dataset,
  title={Dataset shift in machine learning},
  author={Quionero-Candela, Joaquin and Sugiyama, Masashi and Schwaighofer, Anton and Lawrence, Neil D},
  year={2009},
  hidepublisher={The MIT Press}
}


@article{technicalReport,
  author    = {Anna Fariha and
               Ashish Tiwari and
               Arjun Radhakrishna and
               Sumit Gulwani and
               Alexandra Meliou},
  title     = {Conformance Constraint Discovery: Measuring Trust in Data-Driven Systems},
  journal   = {CoRR},
  volume    = {abs/2003.01289},
  year      = {2020}
}


@article{DBLP:journals/pvldb/TranFS16,
  author    = {Luan Tran and
               Liyue Fan and
               Cyrus Shahabi},
  title     = {Distance-based Outlier Detection in Data Streams},
  journal   = {{PVLDB}},
  volume    = {9},
  number    = {12},
  pages     = {1089--1100},
  year      = {2016},
  hideurl       = {http://www.vldb.org/pvldb/vol9/p1089-tran.pdf},
 hidedoi       = {10.14778/2994509.2994526},
  timestamp = {Thu, 16 Aug 2018 11:33:43 +0200},
  biburl    = {https://dblp.org/rec/journals/pvldb/TranFS16.bib},
  bibsource = {dblp computer science bibliography, https://dblp.org}
}

@inproceedings{karaletsos2015bayesian,
  author    = {Theofanis Karaletsos and
               Serge J. Belongie and
               Gunnar R{\"{a}}tsch},
  title     = {When crowds hold privileges: Bayesian unsupervised representation
               learning with oracle constraints},
  booktitle = {{ICLR}},
  year      = {2016},
  hideurl       = {http://arxiv.org/abs/1506.05011},
}

@inproceedings{achlioptas2017learning,
  author    = {Panos Achlioptas and
               Olga Diamanti and
               Ioannis Mitliagkas and
               Leonidas J. Guibas},
  title     = {Learning Representations and Generative Models for 3D Point Clouds},
  booktitle = {{ICML}},
  volume    = {80},
  pages     = {40--49},
  year      = {2018},
  hideurl       = {http://proceedings.mlr.press/v80/achlioptas18a.html},
  hidebiburl    = {https://dblp.org/rec/conf/icml/AchlioptasDMG18.bib},
  hidebibsource = {dblp computer science bibliography, https://dblp.org}
}

@article{DBLP:journals/corr/abs-2005-08540,
    author    = {Ester Livshits and
                 Alireza Heidari and
                 Ihab F. Ilyas and
                 Benny Kimelfeld},
    title     = {Approximate Denial Constraints},
    journal   = {PVLDB},
    volume    = {13},
    number    = {10},
    pages     = {1682--1695},
    year      = {2020},   
  }
@inproceedings{DBLP:conf/sigmod/SchelterRB20,
  author    = {Sebastian Schelter and
               Tammo Rukat and
               Felix Bie{\ss}mann},
  title     = {Learning to Validate the Predictions of Black Box Classifiers on Unseen
               Data},
  booktitle = {SIGMOD},
  pages     = {1289--1299},
  year      = {2020},
  hideurl       = {https://doi.org/10.1145/3318464.3380604},
 hidedoi       = {10.1145/3318464.3380604},
  timestamp = {Sat, 06 Jun 2020 12:17:38 +0200},
  biburl    = {https://dblp.org/rec/conf/sigmod/SchelterRB20.bib},
  bibsource = {dblp computer science bibliography, https://dblp.org}
}

@inproceedings{DBLP:conf/sigmod/YanSZWC20,
  author    = {Jing Nathan Yan and
               Oliver Schulte and
               Mohan Zhang and
               Jiannan Wang and
               Reynold Cheng},
  title     = {{SCODED:} Statistical Constraint Oriented Data Error Detection},
  booktitle = {SIGMOD},
  pages     = {845--860},
  year      = {2020},
  hideurl       = {https://doi.org/10.1145/3318464.3380568},
 hidedoi       = {10.1145/3318464.3380568},
  timestamp = {Sat, 06 Jun 2020 12:17:38 +0200},
  biburl    = {https://dblp.org/rec/conf/sigmod/YanSZWC20.bib},
  bibsource = {dblp computer science bibliography, https://dblp.org}
}

@inproceedings{DBLP:conf/sigmod/ZhangGR20,
  author    = {Yunjia Zhang and
               Zhihan Guo and
               Theodoros Rekatsinas},
  title     = {A Statistical Perspective on Discovering Functional Dependencies in
               Noisy Data},
  booktitle = {SIGMOD},
  pages     = {861--876},
  year      = {2020},
  hideurl       = {https://doi.org/10.1145/3318464.3389749},
 hidedoi       = {10.1145/3318464.3389749},
  timestamp = {Sat, 06 Jun 2020 12:17:38 +0200},
  biburl    = {https://dblp.org/rec/conf/sigmod/ZhangGR20.bib},
  bibsource = {dblp computer science bibliography, https://dblp.org}
}

@inproceedings{DBLP:conf/mlsys/KangRBZ20,
  author    = {Daniel Kang and
               Deepti Raghavan and
               Peter Bailis and
               Matei Zaharia},
  title     = {Model Assertions for Monitoring and Improving {ML} Models},
  booktitle = {{MLSys}},
  hidepublisher = {mlsys.org},
  year      = {2020},
  hideurl       = {https://proceedings.mlsys.org/book/319.pdf},
  hidetimestamp = {Thu, 18 Jun 2020 15:48:04 +0200},
  hidebiburl    = {https://dblp.org/rec/conf/mlsys/KangRBZ20.bib},
  hidebibsource = {dblp computer science bibliography, https://dblp.org}
}